<?xml version="1.0" encoding="UTF-8"?><collection xmlns="http://www.loc.gov/MARC21/slim"><record><leader>00579nam--2200193-u-4500</leader><controlfield tag="001">000050667</controlfield><controlfield tag="002">20161230</controlfield><controlfield tag="005">20161230201048</controlfield><controlfield tag="008">080310s1000------------r-----000-0-eng-d</controlfield><datafield ind1=" " ind2=" " tag="020"><subfield code="a">0471409200</subfield></datafield><datafield ind1=" " ind2=" " tag="040"><subfield code="a">IFIN-HH</subfield></datafield><datafield ind1=" " ind2=" " tag="080"><subfield code="a">537.533.35:535.37</subfield></datafield><datafield ind1="1" ind2=" " tag="100"><subfield code="a">Diaspro,Alberto</subfield></datafield><datafield ind1="1" ind2="0" tag="245"><subfield code="a">Confocal and Two-Photon Microscopy</subfield><subfield code="b">Foundations, Applications and Advances</subfield><subfield code="c">Alberto Diaspro</subfield></datafield><datafield ind1=" " ind2=" " tag="260"><subfield code="a">New York</subfield><subfield code="b">Wiley-Liss</subfield><subfield code="c">2002</subfield></datafield><datafield ind1=" " ind2=" " tag="504"><subfield code="a">Includes Bibliographical Reference and Index</subfield></datafield><datafield ind1=" " ind2="4" tag="650"><subfield code="a">Confocal Microscopy</subfield></datafield><datafield ind1=" " ind2=" " tag="852"><subfield code="c">537.533.35</subfield></datafield><datafield ind1=" " ind2=" " tag="CAT"><subfield code="a">Sys</subfield><subfield code="c">20110103</subfield><subfield code="h">151955</subfield></datafield></record></collection>